<?xml version="1.0" encoding="utf-8"?>
<record xmlns="http://www.loc.gov/MARC21/slim" xmlns:xsi="http://www.w3.org/2001/XMLSchema-instance" xsi:schemaLocation="http://www.loc.gov/MARC21/slim http://www.loc.gov/standards/marcxml/schema/MARC21slim.xsd">
	<leader>     nam a22        4500</leader>
	<controlfield tag="001">2959276</controlfield>
	<controlfield tag="003">NNC</controlfield>
	<controlfield tag="006">m        d        </controlfield>
	<controlfield tag="007">cr cn |||m|||a</controlfield>
	<controlfield tag="008">160519r19761911ir      o     000 0 arar </controlfield>
	<datafield ind1=" " ind2=" " tag="040">
		<subfield code="a">NNU</subfield>
		<subfield code="b">eng</subfield>
		<subfield code="e">rda</subfield>
		<subfield code="c">NNU</subfield>
	</datafield>
	<datafield ind1="0" ind2="4" tag="050">
		<subfield code="a">BP161.N363</subfield>
		<subfield code="b">T335 1976</subfield>
	</datafield>
	<datafield ind1="0" ind2="0" tag="245">
		<subfield code="6">880-01</subfield>
		<subfield code="a">0Majmūʻat al-ḥawāshī al-bahīyah ʻalā Sharḥ al-ʻAqāʼid al-Nasafīyah :</subfield>
		<subfield code="b">al-mushtamil ʻalá Sharḥ al-ʻAqāʼid al-Nasafīyah lil-ʻAllāmh al-Taftāzānī ... /</subfield>
		<subfield code="c">qad iʻtaná bi-taṣḥīḥihā jamʻ min al-afāḍil al-ʻulamāʼ fa-ṣārat aṣaḥḥ mā ṭubiʻa.</subfield>
	</datafield>
	<datafield ind1="1" ind2="4" tag="246">
		<subfield code="6">880-02</subfield>
		<subfield code="a">Majmūʻat al-ḥawāshī al-bahīyah ʻalā Sharḥ ʻAqāʼid al-Nasafīyah</subfield>
	</datafield>
	<datafield ind1=" " ind2=" " tag="260">
		<subfield code="6">880-03</subfield>
		<subfield code="a">Kūʼiṭah :</subfield>
		<subfield code="b">Maktabah-ʼi Islāmīyah,</subfield>
		<subfield code="c">1397 [1976 or 1977]</subfield>
	</datafield>
	<datafield ind1=" " ind2=" " tag="300">
		<subfield code="a">online resource (2 volumes in 1)</subfield>
	</datafield>
	<datafield ind1=" " ind2=" " tag="336">
		<subfield code="a">text</subfield>
		<subfield code="2">rdacontent</subfield>
	</datafield>
	<datafield ind1=" " ind2=" " tag="337">
		<subfield code="a">computer</subfield>
		<subfield code="2">rdamedia</subfield>
	</datafield>
	<datafield ind1=" " ind2=" " tag="338">
		<subfield code="a">online resource</subfield>
		<subfield code="2">rdacarrier</subfield>
	</datafield>
	<datafield ind1=" " ind2=" " tag="500">
		<subfield code="a">Cover title.</subfield>
	</datafield>
	<datafield ind1=" " ind2=" " tag="500">
		<subfield code="a">Reprint of the 1911 ed. published by matḅaʻat Kurdistān al-ʻIlmīyah, Cairo.</subfield>
	</datafield>
	<datafield ind1=" " ind2=" " tag="500">
		<subfield code="a">Part of the Arabic Collections Online (ACO) project, contributed by Columbia University Libraries.</subfield>
	</datafield>
	<datafield ind1=" " ind2=" " tag="533">
		<subfield code="a">Electronic reproduction.</subfield>
		<subfield code="b">New York, N.Y. :</subfield>
		<subfield code="c">New York University,</subfield>
		<subfield code="d">2016.</subfield>
		<subfield code="5">NNU</subfield>
	</datafield>
	<datafield ind1="1" ind2="0" tag="600">
		<subfield code="6">880-04</subfield>
		<subfield code="a">Taftāzānī, Masʻūd ibn ʻUmar,</subfield>
		<subfield code="d">1322-1389?</subfield>
		<subfield code="t">Sharḥ al-ʻAqāʼid al-Nasafīyah.</subfield>
	</datafield>
	<datafield ind1="1" ind2="0" tag="600">
		<subfield code="a">Nasafī, ʻUmar ibn Muḥammad,</subfield>
		<subfield code="d">1068?-1142.</subfield>
		<subfield code="t">ʻAqāʼid.</subfield>
	</datafield>
	<datafield ind1=" " ind2="0" tag="650">
		<subfield code="a">Islam</subfield>
		<subfield code="x">Doctrines.</subfield>
	</datafield>
	<datafield ind1="0" ind2="7" tag="630">
		<subfield code="a">ʻAqāʼid (Nasafī, ʻUmar ibn Muḥammad)</subfield>
		<subfield code="2">fast</subfield>
		<subfield code="0">(OCoLC)fst01381144</subfield>
	</datafield>
	<datafield ind1="0" ind2="7" tag="630">
		<subfield code="a">Sharḥ al-ʻAqāʼid al-Nasafīyah (Taftāzānī, Masʻūd ibn ʻUmar)</subfield>
		<subfield code="2">fast</subfield>
		<subfield code="0">(OCoLC)fst01365468</subfield>
	</datafield>
	<datafield ind1=" " ind2="7" tag="650">
		<subfield code="a">Islam</subfield>
		<subfield code="x">Doctrines.</subfield>
		<subfield code="2">fast</subfield>
		<subfield code="0">(OCoLC)fst00979787</subfield>
	</datafield>
	<datafield ind1="1" ind2=" " tag="700">
		<subfield code="6">880-05</subfield>
		<subfield code="a">Taftāzānī, Masʻūd ibn ʻUmar,</subfield>
		<subfield code="d">1322-1389?</subfield>
		<subfield code="t">Sharḥ al-ʻAqāʼid al-Nasafīyah.</subfield>
	</datafield>
	<datafield ind1="2" ind2=" " tag="710">
		<subfield code="a">Columbia University.</subfield>
		<subfield code="b">Libraries.</subfield>
	</datafield>
	<datafield ind1="0" ind2=" " tag="730">
		<subfield code="a">Arabic Collections Online.</subfield>
	</datafield>
	<datafield ind1="0" ind2="8" tag="776">
		<subfield code="i">Print version:</subfield>
		<subfield code="t">0Majmūʻat al-ḥawāshī al-bahīyah ʻalā Sharḥ al-ʻAqāʼid al-Nasafīyah</subfield>
		<subfield code="w">(NNC)2959276</subfield>
		<subfield code="w">(DLC)   78930713 </subfield>
		<subfield code="w">(OCoLC)7668943</subfield>
	</datafield>
	<datafield ind1="4" ind2="0" tag="856">
		<subfield code="u">http://hdl.handle.net/2333.1/dncjt15m</subfield>
	</datafield>
	<datafield ind1="0" ind2="0" tag="880">
		<subfield code="6">245-01/r</subfield>
		<subfield code="a">مجموعة الحواشي البهية على شرح العقائد النفسية :</subfield>
		<subfield code="b">المشتمل على شرح العقائد النفسية للعلامة التفتازاني ... /</subfield>
		<subfield code="c">قد اعتنى بتصحيحها جمع من الافاضل العلماء فصارت أصح ما طبع.</subfield>
	</datafield>
	<datafield ind1="1" ind2="4" tag="880">
		<subfield code="6">246-02/r</subfield>
		<subfield code="a">مجموعة الحواشي البهية على شرح عقائد النفسية</subfield>
	</datafield>
	<datafield ind1=" " ind2=" " tag="880">
		<subfield code="6">260-03/r</subfield>
		<subfield code="a">كوئٹه :</subfield>
		<subfield code="b">مكتبۀ اسلاميه،</subfield>
		<subfield code="c">1397 [1976 or 1977]</subfield>
	</datafield>
	<datafield ind1="1" ind2="4" tag="880">
		<subfield code="6">600-04/r</subfield>
		<subfield code="a">تفتازاني، مسعود بن عمر،</subfield>
		<subfield code="d">1322-1389؟</subfield>
		<subfield code="t">شرح العقائد النسفية.</subfield>
	</datafield>
	<datafield ind1="1" ind2="2" tag="880">
		<subfield code="6">700-05/r</subfield>
		<subfield code="a">تفتازاني، مسعود بن عمر.</subfield>
		<subfield code="t">شرح العقائد النسفية.</subfield>
	</datafield>
	<datafield ind1=" " ind2=" " tag="959">
		<subfield code="a">NNU</subfield>
		<subfield code="b">WEB</subfield>
		<subfield code="c">GENI</subfield>
		<subfield code="t">0</subfield>
		<subfield code="m">Electronic access</subfield>
		<subfield code="s">01</subfield>
	</datafield>
	<datafield ind1=" " ind2=" " tag="999">
		<subfield code="i">NNC_2959276</subfield>
		<subfield code="o">(OCoLC)ocm07668943</subfield>
		<subfield code="s">columbia_aco000928</subfield>
		<subfield code="e">(ERROR-880)</subfield>
		<subfield code="s">columbia_aco000928</subfield>
	</datafield>
</record>
